<record><leader>00000cas a22000007a 4500</leader><controlfield tag="001">9633700</controlfield><controlfield tag="008">830622d18971905ohudn ne      0    0eng d</controlfield><controlfield tag="009">3783</controlfield><datafield ind1=" " ind2=" " tag="010"><subfield code="a">sn 83035237 </subfield></datafield><datafield ind1=" " ind2=" " tag="040"><subfield code="a">NPY</subfield><subfield code="b">eng</subfield><subfield code="c">NPY</subfield><subfield code="d">NPX</subfield><subfield code="d">NPH</subfield><subfield code="d">ONP</subfield></datafield><datafield ind1=" " ind2=" " tag="042"><subfield code="a">msc</subfield></datafield><datafield ind1="0" ind2="0" tag="245"><subfield code="a">Conneaut daily post-herald.</subfield></datafield><datafield ind1="0" ind2="0" tag="246"><subfield code="a">Conneaut daily post herald</subfield></datafield><datafield ind1="0" ind2="7" tag="246"><subfield code="a">Conneaut post-herald</subfield></datafield><datafield ind1=" " ind2=" " tag="260"><subfield code="a">Conneaut, Ohio :</subfield><subfield code="b">Rieg &amp; Smith Print. Co.,</subfield><subfield code="c">1897-1905.</subfield></datafield><datafield ind1=" " ind2=" " tag="300"><subfield code="a">v.</subfield></datafield><datafield ind1=" " ind2=" " tag="310"><subfield code="a">Daily (except Sun.)</subfield></datafield><datafield ind1="0" ind2=" " tag="362"><subfield code="a">Vol. 7, no. 1971 (Nov. 22, 1897)-15th year, no. 4302 (Sept. 15, 1905).</subfield></datafield><datafield ind1=" " ind2=" " tag="752"><subfield code="a">United States</subfield><subfield code="b">Ohio</subfield><subfield code="c">Ashtabula</subfield><subfield code="d">Conneaut.</subfield></datafield><datafield ind1="0" ind2="0" tag="780"><subfield code="t">Conneaut post-herald (Conneaut, Ohio : 1896)</subfield><subfield code="w">(DLC)sn 83035236</subfield></datafield><datafield ind1="0" ind2="5" tag="780"><subfield code="t">Conneaut reporter (Conneaut, Ohio : 1844)</subfield><subfield code="w">(DLC)sn 83035233</subfield></datafield><datafield ind1="0" ind2="0" tag="785"><subfield code="t">Conneaut post-herald (Conneaut, Ohio : 1905)</subfield><subfield code="w">(DLC)sn 83035238</subfield></datafield></record>